<record><leader>00000cas a2200000 a 4500</leader><controlfield tag="001">42632678</controlfield><controlfield tag="008">991013d18931899sduwr ne      0    0eng c</controlfield><datafield ind1=" " ind2=" " tag="010"><subfield code="a">sn 99067405 </subfield></datafield><datafield ind1=" " ind2=" " tag="040"><subfield code="a">NYS</subfield><subfield code="b">eng</subfield><subfield code="c">NYS</subfield><subfield code="d">SXN</subfield><subfield code="d">OCLCQ</subfield><subfield code="d">OCLCF</subfield><subfield code="d">OCLCO</subfield></datafield><datafield ind1="1" ind2=" " tag="029"><subfield code="a">AU@</subfield><subfield code="b">000021133736</subfield></datafield><datafield ind1=" " ind2=" " tag="042"><subfield code="a">pcc</subfield></datafield><datafield ind1=" " ind2=" " tag="043"><subfield code="a">n-us-sd</subfield></datafield><datafield ind1="0" ind2="4" tag="245"><subfield code="a">The Watertown kampeskian.</subfield></datafield><datafield ind1=" " ind2=" " tag="260"><subfield code="a">Watertown, S.D. :</subfield><subfield code="b">C.H. Englesby</subfield></datafield><datafield ind1=" " ind2=" " tag="300"><subfield code="a">v.</subfield></datafield><datafield ind1=" " ind2=" " tag="310"><subfield code="a">Weekly</subfield></datafield><datafield ind1="1" ind2=" " tag="362"><subfield code="a">Began in 1893; ceased in 1899.</subfield></datafield><datafield ind1=" " ind2=" " tag="500"><subfield code="a">"Successor to the Messenger- est. 1888."</subfield></datafield><datafield ind1=" " ind2=" " tag="500"><subfield code="a">Vol. 8, no. 43 (June 5, 1896)--includes a detailed street map of Watertown, S.D.</subfield></datafield><datafield ind1=" " ind2=" " tag="530"><subfield code="a">Available on microfilm from: State Archives, South Dakota State Historical Society.</subfield></datafield><datafield ind1=" " ind2=" " tag="588"><subfield code="a">Description based on: Vol. 5, no. 27 (Feb. 16, 1893).</subfield></datafield><datafield ind1=" " ind2="0" tag="651"><subfield code="a">Watertown (S.D.)</subfield><subfield code="v">Newspapers.</subfield></datafield><datafield ind1=" " ind2="0" tag="651"><subfield code="a">Codington County (S.D.)</subfield><subfield code="v">Newspapers.</subfield></datafield><datafield ind1=" " ind2="7" tag="655"><subfield code="a">Newspapers.</subfield><subfield code="2">fast</subfield><subfield code="0">(OCoLC)fst01423814</subfield></datafield><datafield ind1=" " ind2="7" tag="651"><subfield code="a">South Dakota</subfield><subfield code="z">Codington County.</subfield><subfield code="2">fast</subfield><subfield code="0">(OCoLC)fst01212346</subfield></datafield><datafield ind1=" " ind2="7" tag="651"><subfield code="a">South Dakota</subfield><subfield code="z">Watertown.</subfield><subfield code="2">fast</subfield><subfield code="0">(OCoLC)fst01228902</subfield></datafield><datafield ind1=" " ind2=" " tag="752"><subfield code="a">United States</subfield><subfield code="b">South Dakota</subfield><subfield code="c">Codington</subfield><subfield code="d">Watertown.</subfield></datafield><datafield ind1="0" ind2="0" tag="780"><subfield code="t">Messenger</subfield></datafield><datafield ind1="0" ind2="0" tag="785"><subfield code="t">Watertown herald</subfield><subfield code="w">(DLC)sn2001063555</subfield></datafield></record>